<?xml version="1.0" encoding="UTF-8"?>
<utfx:tests xmlns:utfx="http://utfx.org/test-definition" xmlns:dc="http://purl.org/dc/elements/1.1/">
    <utfx:stylesheet src="marc_dc_usc.xsl"/>
    
    <!-- The following code was commented out for USC data, request to not show this in VITAL portal -->
    <!-- Dest Code -->
    <!--<utfx:test>
        <utfx:name>Dest Code</utfx:name>
        <utfx:assert-equal>
            <utfx:source validate="no">
                <collection xmlns:marc="http://www.loc.gov/MARC21/slim">
                    <record>
                        <leader>00000nam a22000002a 4500</leader>
                        <controlfield tag="008">070227t2002||||||| eng|d</controlfield>
                        <datafield tag="596" ind1=" " ind2=" "><subfield code="a">C1</subfield>
                        </datafield>
                    </record>
                </collection>
            </utfx:source>
            <utfx:expected validate="no">
                <oai_dc:dc xmlns:oai_dc="http://www.openarchives.org/OAI/2.0/oai_dc/" xmlns:dc="http://purl.org/dc/elements/1.1/">
        <dc:description>
       C1
        </dc:description>
                 </oai_dc:dc>
            </utfx:expected>
        </utfx:assert-equal>
    </utfx:test>-->
    
    <!-- Peer Reviewed -->
    <utfx:test>
        <utfx:name>Peer Reviewed</utfx:name>
        <utfx:assert-equal>
            <utfx:source validate="no">
                <collection xmlns="http://www.loc.gov/MARC21/slim">
                    <record>
                        <leader>00000nam a22000002a 4500</leader>
                        <controlfield tag="008">050419s1891    gw     fs           eng d</controlfield>
                        <datafield tag="595" ind1=" " ind2=" ">
                            <subfield code="a">Refereed, Research</subfield>
                        </datafield>
                    </record>
                </collection>
            </utfx:source>
            <utfx:expected validate="no">
                <dc:language>eng</dc:language>
                 <dc:description>Refereed, Research</dc:description>
             </utfx:expected>
        </utfx:assert-equal>
    </utfx:test>
    <!-- Item Title -->
    
    
    <!-- ISBN -->
    <utfx:test>
        <utfx:name>ISBN</utfx:name>
        <utfx:assert-equal>
            <utfx:source validate="no">
                <collection xmlns="http://www.loc.gov/MARC21/slim">
                    <record>
                        <leader>00000nam a22000002a 4500</leader>
                        <controlfield tag="008">050419s1891    gw     fs           eng d</controlfield>
                        <datafield ind1=" " ind2=" " tag="020">
                            <subfield code="a">0-275-96945-2</subfield>
                        </datafield>
                    </record>
                </collection>
            </utfx:source>
            <utfx:expected validate="no">
                   <dc:language>eng</dc:language>
                   <dc:identifier>URN:ISBN: 0-275-96945-2</dc:identifier>
              </utfx:expected>
        </utfx:assert-equal>
    </utfx:test>
    <!-- ISSN -->
    <utfx:test>
        <utfx:name>ISSN</utfx:name>
        <utfx:assert-equal>
            <utfx:source validate="no">
                <collection xmlns="http://www.loc.gov/MARC21/slim">
                    <record>
                        <leader>00000nam a22000002a 4500</leader>
                        <controlfield tag="008">050419s1891    gw     fs           eng d</controlfield>
                        <datafield ind1=" " ind2=" " tag="022">
                            <subfield code="a">1011-6370</subfield>
                        </datafield>
                    </record>
                </collection>
            </utfx:source>
            <utfx:expected validate="no">
                  <dc:language>eng</dc:language>
                  <dc:identifier>URN:ISSN: 1011-6370</dc:identifier>
             </utfx:expected>
        </utfx:assert-equal>
    </utfx:test>
    <!-- Item Title -->
    <utfx:test>
        <utfx:name>Test Name</utfx:name>
        <utfx:assert-equal>
            <utfx:source validate="no">
                <collection xmlns="http://www.loc.gov/MARC21/slim">
                    <record>
                        <leader>00000nam a22000002a 4500</leader>
                        <controlfield tag="008">050419s1891    gw     fs           eng d</controlfield>
                        <datafield tag="245" ind1="0" ind2="0">
                            <subfield code="a">Observing the open-closed boundary using cusp-latitude magnetometers</subfield>
                        </datafield>
                    </record>
                </collection>
            </utfx:source>
            <utfx:expected validate="no">
              <dc:title>Observing the open-closed boundary using cusp-latitude magnetometers</dc:title>
                <dc:language>eng</dc:language>
            </utfx:expected>
        </utfx:assert-equal>
    </utfx:test>
    <!-- Herb Title -->
    <utfx:test>
        <utfx:name>Test Herb Name</utfx:name>
        <utfx:assert-equal>
            <utfx:source validate="no">
                <collection xmlns="http://www.loc.gov/MARC21/slim">
                    <record>
                        <leader>00000nam a22000002a 4500</leader>
                        <controlfield tag="008">050419s1891    gw     fs           eng d</controlfield>
                        <datafield tag="243" ind1="0" ind2="0">
                            <subfield code="a">Family Name</subfield>
                            <subfield code="g">Botanical Name</subfield>
                        </datafield>
                    </record>