
                </collection>
            </utfx:source>
            <utfx:expected validate="no">
                <dc:title>Family Name : Botanical Name</dc:title>
                <dc:language>eng</dc:language>
            </utfx:expected>
        </utfx:assert-equal>
    </utfx:test>
    <!-- Creators [1.1] -->
    <utfx:test>
        <utfx:name>Creators [1.1]</utfx:name>
        <utfx:assert-equal>
            <utfx:source validate="no">
                <collection xmlns="http://www.loc.gov/MARC21/slim">
                    <record>
                        <leader>00000nam a22000002a 4500</leader>
                        <controlfield tag="008">050419s1891    gw     fs           eng d</controlfield>
                        <datafield tag="100" ind1="1" ind2=" ">
                            <subfield code="a">Ables, Sean Thomas</subfield>
                        </datafield>
                    </record>